
@article{zitnik_2017_Predicting,
	title = {Predicting multicellular function through multi-layer tissue networks},
	volume = {33},
	issn = {1367-4803, 1367-4811},
	url = {http://arxiv.org/abs/1707.04638},
	doi = {10.1093/bioinformatics/btx252},
	abstract = {Motivation: Understanding functions of proteins in speciÔ¨Åc human tissues is essential for insights into disease diagnostics and therapeutics, yet prediction of tissue-speciÔ¨Åc cellular function remains a critical challenge for biomedicine.},
	language = {en},
	number = {14},
	urldate = {2024-12-25},
	journal = {Bioinformatics},
	author = {Zitnik, Marinka and Leskovec, Jure},
	month = jul,
	year = {2017},
	note = {arXiv:1707.04638 [cs]},
	keywords = {Statistics - Machine Learning, Computer Science - Machine Learning, üìù, Computer Science - Social and Information Networks, Quantitative Biology - Molecular Networks},
	pages = {i190--i198},
	annote = {Comment: In Proceedings of the 25th International Conference on Intelligent Systems for Molecular Biology (ISMB), 2017},
	file = {Zitnik and Leskovec - 2017 - Predicting multicellular function through multi-la.pdf:/home/roozbeh/Zotero/storage/86T8X3KG/Zitnik and Leskovec - 2017 - Predicting multicellular function through multi-la.pdf:application/pdf},
}
